@article{gmw91,
  title={Proofs that yield nothing but their validity or all languages in NP have zero-knowledge proof systems},
  author={Goldreich, Oded and Micali, Silvio and Wigderson, Avi},
  journal={Journal of the ACM (JACM)},
  volume={38},
  number={3},
  pages={690--728},
  year={1991},
  publisher={ACM New York, NY, USA}
}
@inproceedings{gs86,
  title={Private coins versus public coins in interactive proof systems},
  author={Goldwasser, Shafi and Sipser, Michael},
  booktitle={Proceedings of the eighteenth annual ACM symposium on Theory of computing},
  pages={59--68},
  year={1986}
}
